% Shibboleth Authentication bibliography
@article{Shaer-1995,
  title        = {Single sign-on},
  journal      = {Network Security},
  volume       = {1995},
  number       = {8},
  pages        = {11--15},
  year         = {1995},
  issn         = {1353-4858},
  author       = {Shaer, C.}
}

@article{Morgan-2004,
  author       = {Morgan, R. L. and Cantor, S. and Carmody, S. and Hoehn, W. and Klingenstein, K.},
  journal      = {EDUCAUSE Quarterly},
  month        = {},
  number       = {4},
  pages        = {12--17},
  title        = {Federated Security: The Shibboleth Approach},
  volume       = {27},
  year         = {2004}
}

@techreport{Cantor-2005,
  author       = {Cantor, S. and Kemp, J. and Philpott, R. and Maler, E.},
  day          = {12},
  month        = {3},
  organization = {OASIS, Security Services (SAML) TC},
  title        = {Assertions and Protocols for the {OASIS} Security Assertion Markup Language ({SAML}) V2.0},
  year         = {2005}
}

@misc{Erdos-2005,
  author       = {Erdos, M. and Cantor, S.},
  howpublished = {\texttt{http://shibboleth.internet2.edu/}},
  title        = {The {Shibboleth} Architecture},
  year         = {2005}
}
